<record><leader>00000cas a22000007a 4500</leader><controlfield tag="001">26862026</controlfield><controlfield tag="008">921026d19061909cauwr ne      0    0eng d</controlfield><datafield ind1=" " ind2=" " tag="010"><subfield code="a">sn 92068878 </subfield></datafield><datafield ind1=" " ind2=" " tag="040"><subfield code="a">CUY</subfield><subfield code="b">eng</subfield><subfield code="c">CNK</subfield><subfield code="d">OCLCQ</subfield><subfield code="d">CUZ</subfield><subfield code="d">OCLCF</subfield></datafield><datafield ind1=" " ind2=" " tag="019"><subfield code="a">880140727</subfield></datafield><datafield ind1="1" ind2=" " tag="029"><subfield code="a">AU@</subfield><subfield code="b">000020726179</subfield></datafield><datafield ind1=" " ind2=" " tag="042"><subfield code="a">msc</subfield></datafield><datafield ind1="0" ind2="4" tag="245"><subfield code="a">The Santa Cruz mountain echo.</subfield></datafield><datafield ind1=" " ind2=" " tag="260"><subfield code="a">Boulder Creek, Calif. :</subfield><subfield code="b">W.S. Rodgers &amp; Sons</subfield></datafield><datafield ind1=" " ind2=" " tag="300"><subfield code="a">v.</subfield></datafield><datafield ind1=" " ind2=" " tag="310"><subfield code="a">Weekly</subfield></datafield><datafield ind1="0" ind2=" " tag="362"><subfield code="a">Vol. 11, no. 1 (Oct. 27, 1906)-v. 13, no. 46 (Sept. 11, 1909).</subfield></datafield><datafield ind1=" " ind2="4" tag="651"><subfield code="a">Santa Cruz County (Calif.)</subfield><subfield code="v">Newspapers.</subfield></datafield><datafield ind1=" " ind2="0" tag="651"><subfield code="a">Santa Cruz County (Calif.)</subfield><subfield code="v">Newspapers.</subfield></datafield><datafield ind1=" " ind2="7" tag="655"><subfield code="a">Newspapers.</subfield><subfield code="2">fast</subfield><subfield code="0">(OCoLC)fst01423814</subfield></datafield><datafield ind1=" " ind2="7" tag="651"><subfield code="a">California</subfield><subfield code="z">Santa Cruz County.</subfield><subfield code="2">fast</subfield><subfield code="0">(OCoLC)fst01210722</subfield></datafield><datafield ind1=" " ind2=" " tag="752"><subfield code="a">United States</subfield><subfield code="b">California</subfield><subfield code="c">Santa Cruz</subfield><subfield code="d">Boulder Creek.</subfield></datafield><datafield ind1="0" ind2="0" tag="780"><subfield code="t">Mountain echo (Boulder Creek, Calif. : 1896)</subfield><subfield code="w">(DLC)sn 92068877</subfield></datafield><datafield ind1="0" ind2="5" tag="780"><subfield code="t">Ben Lomond news</subfield><subfield code="w">(DLC)sn 92068876</subfield></datafield><datafield ind1="0" ind2="0" tag="785"><subfield code="t">Mountain echo (Boulder Creek, Calif. : 1909)</subfield><subfield code="w">(DLC)sn 92068879</subfield></datafield></record>